<?xml version = "1.0" encoding = "UTF-8"?><record>
  <leader>02380nas#a2200613#c#4500</leader>
  <controlfield tag="005">20210408111007.0</controlfield>
  <controlfield tag="007">tu</controlfield>
  <controlfield tag="008">991121m19912000gw#a|#m#######|####|ger#c</controlfield>
  <controlfield tag="003">DE-605</controlfield>
  <controlfield tag="001">990113832290206441</controlfield>
  <datafield tag="015" ind1=" " ind2=" ">
    <subfield code="a">92,A29,1068</subfield>
    <subfield code="2">dnb</subfield>
  </datafield>
  <datafield tag="016" ind1="7" ind2=" ">
    <subfield code="a">016547489</subfield>
    <subfield code="2">DE-101b</subfield>
  </datafield>
  <datafield tag="016" ind1="7" ind2=" ">
    <subfield code="a">1125458-0</subfield>
    <subfield code="2">DE-600</subfield>
  </datafield>
  <datafield tag="016" ind1="7" ind2=" ">
    <subfield code="a">183350230</subfield>
    <subfield code="2">OCoLC</subfield>
  </datafield>
  <datafield tag="035" ind1=" " ind2=" ">
    <subfield code="a">(DE-605)HT013056453</subfield>
  </datafield>
  <datafield tag="040" ind1=" " ind2=" ">
    <subfield code="a">9001</subfield>
    <subfield code="b">ger</subfield>
    <subfield code="c">DNB</subfield>
    <subfield code="d">4022</subfield>
  </datafield>
  <datafield tag="041" ind1=" " ind2=" ">
    <subfield code="a">ger</subfield>
  </datafield>
  <datafield tag="044" ind1=" " ind2=" ">
    <subfield code="c">XA-DE</subfield>
    <subfield code="c">XA-AT</subfield>
  </datafield>
  <datafield tag="084" ind1=" " ind2=" ">
    <subfield code="a">796</subfield>
    <subfield code="a">793</subfield>
    <subfield code="a">370</subfield>
    <subfield code="a">35</subfield>
    <subfield code="q">DE-101</subfield>
    <subfield code="2">sdnb</subfield>
  </datafield>
  <datafield tag="084" ind1=" " ind2=" ">
    <subfield code="a">793</subfield>
    <subfield code="a">796</subfield>
    <subfield code="q">DE-600</subfield>
    <subfield code="2">zdbs</subfield>
  </datafield>
  <datafield tag="084" ind1=" " ind2=" ">
    <subfield code="a">990</subfield>
    <subfield code="2">rpb</subfield>
  </datafield>
  <datafield tag="084" ind1=" " ind2=" ">
    <subfield code="a">DG 9400</subfield>
    <subfield code="2">rvk</subfield>
  </datafield>
  <datafield tag="090" ind1=" " ind2=" ">
    <subfield code="n">fp</subfield>
  </datafield>
  <datafield tag="245" ind1="0" ind2="0">
    <subfield code="a">Homo ludens</subfield>
    <subfield code="b">internationale Beitr&#228;ge des Institutes f&#252;r Spielforschung und Spielp&#228;dagogik der Universit&#228;t Mozarteum Salzburg = &lt;&lt;Der&gt;&gt; spielende Mensch</subfield>
  </datafield>
  <datafield tag="246" ind1="1" ind2="1">
    <subfield code="a">&lt;&lt;Der&gt;&gt; spielende Mensch</subfield>
  </datafield>
  <datafield tag="246" ind1="3" ind2=" ">
    <subfield code="a">&lt;&lt;Der&gt;&gt; spielende Mensch</subfield>
  </datafield>
  <datafield tag="247" ind1="0" ind2="0">
    <subfield code="a">internationale Beitr&#228;ge des Institutes f&#252;r Spielforschung und Spielp&#228;dagogik an der Hochschule &quot;Mozarteum&quot; Salzburg</subfield>
    <subfield code="f">Zusatz bis 8.1998</subfield>
  </datafield>
  <datafield tag="264" ind1="3" ind2="1">
    <subfield code="a">M&#252;nchen</subfield>
    <subfield code="a">Salzburg</subfield>
    <subfield code="b">Katzbichler</subfield>
    <subfield code="c">1991-2000</subfield>
    <subfield code="3">1991-2000</subfield>
  </datafield>
  <datafield tag="300" ind1=" " ind2=" ">
    <subfield code="c">24 cm</subfield>
  </datafield>
  <datafield tag="336" ind1=" " ind2=" ">
    <subfield code="b">txt</subfield>
  </datafield>
  <datafield tag="337" ind1=" " ind2=" ">
    <subfield code="b">n</subfield>
  </datafield>
  <datafield tag="338" ind1=" " ind2=" ">
    <subfield code="b">nc</subfield>
  </datafield>
  <datafield tag="362" ind1="0" ind2=" ">
    <subfield code="a">1.1991 - 10.2000</subfield>
  </datafield>
  <datafield tag="363" ind1="0" ind2="0">
    <subfield code="8">1.1\x</subfield>
    <subfield code="i">1991</subfield>
  </datafield>
  <datafield tag="363" ind1="1" ind2="0">
    <subfield code="8">1.2\x</subfield>
    <subfield code="i">2000</subfield>
  </datafield>
  <datafield tag="515" ind1=" " ind2=" ">
    <subfield code="a">Ab. 6.1996 Schriftenreihe; zu Jg. 3, 5, 7 und 9 ersch. je eine Sondernummer; j&#228;hrl.</subfield>
  </datafield>
  <datafield tag="591" ind1=" " ind2=" ">
    <subfield code="a">929!se-&#196;nderung12!4!(19-10-09)</subfield>
  </datafield>
  <datafield tag="655" ind1=" " ind2="7">
    <subfield code="a">Monografische Reihe</subfield>
    <subfield code="0">(DE-588)4179998-7</subfield>
    <subfield code="2">gnd-content</subfield>
  </datafield>
  <datafield tag="655" ind1=" " ind2="7">
    <subfield code="a">Aufsatzsammlung</subfield>
    <subfield code="0">(DE-588)4143413-4</subfield>
    <subfield code="2">gnd-content</subfield>
  </datafield>
  <datafield tag="689" ind1="0" ind2="0">
    <subfield code="a">Spiel</subfield>
    <subfield code="D">s</subfield>
    <subfield code="0">(DE-588)4056218-9</subfield>
    <subfield code="0">(uri) https://portal.dnb.de/opac.htm?method=simpleSearch&amp;cqlMode=true&amp;query=idn=040562182</subfield>
    <subfield code="0">(uri) http://viaf.org/viaf/sourceID/DNB|040562182</subfield>
    <subfield code="B">GND-040562182</subfield>
  </datafield>
  <datafield tag="689" ind1="0" ind2=" ">
    <subfield code="5">DNB</subfield>
  </datafield>
  <datafield tag="689" ind1="1" ind2="0">
    <subfield code="a">Spielforschung</subfield>
    <subfield code="D">s</subfield>
    <subfield code="0">(DE-588)4182273-0</subfield>
    <subfield code="0">(uri) https://portal.dnb.de/opac.htm?method=simpleSearch&amp;cqlMode=true&amp;query=idn=041822730</subfield>
    <subfield code="0">(uri) http://viaf.org/viaf/sourceID/DNB|041822730</subfield>
    <subfield code="B">GND-041822730</subfield>
  </datafield>
  <datafield tag="689" ind1="1" ind2=" ">
    <subfield code="5">ZDB</subfield>
  </datafield>
  <datafield tag="689" ind1="2" ind2="0">
    <subfield code="a">Spielp&#228;dagogik</subfield>
    <subfield code="D">s</subfield>
    <subfield code="0">(DE-588)4122362-7</subfield>
    <subfield code="0">(uri) https://portal.dnb.de/opac.htm?method=simpleSearch&amp;cqlMode=true&amp;query=idn=041223624</subfield>
    <subfield code="0">(uri) http://viaf.org/viaf/sourceID/DNB|041223624</subfield>
    <subfield code="B">GND-041223624</subfield>
  </datafield>
  <datafield tag="689" ind1="2" ind2=" ">
    <subfield code="5">ZDB</subfield>
  </datafield>
  <datafield tag="710" ind1="2" ind2=" ">
    <subfield code="a">Institut f&#252;r Spielforschung und Spielp&#228;dagogik</subfield>
    <subfield code="0">(DE-588)5120234-7</subfield>
    <subfield code="4">isb</subfield>
    <subfield code="0">(uri) https://portal.dnb.de/opac.htm?method=simpleSearch&amp;cqlMode=true&amp;query=idn=943704391</subfield>
    <subfield code="0">(uri) http://viaf.org/viaf/sourceID/DNB|943704391</subfield>
    <subfield code="B">GND-943704391</subfield>
  </datafield>
  <datafield tag="770" ind1="0" ind2="8">
    <subfield code="i">In 7.1997 Repr. von 1770 von</subfield>
    <subfield code="t">Gl&#252;cks-Calender f&#252;r und durch die chur-pf&#228;lzische Lotterie</subfield>
    <subfield code="d">Mannheim : Chur-Pf&#228;lzische Lotterie-Buchdr., 1770-1771</subfield>
    <subfield code="w">(DE-605)HT012670837</subfield>
  </datafield>
  <datafield tag="785" ind1="0" ind2="0">
    <subfield code="i">Forts.:</subfield>
    <subfield code="t">Ludographie - Spiel und Spiele</subfield>
    <subfield code="d">Wien ; Berlin ; M&#252;nster : LIT-Verl., 2009-</subfield>
    <subfield code="w">(DE-605)HT016084461</subfield>
  </datafield>
  <datafield tag="964" ind1="0" ind2="s">
    <subfield code="F">030</subfield>
    <subfield code="A">a||u|||||||37</subfield>
  </datafield>
  <datafield tag="964" ind1="0" ind2="s">
    <subfield code="F">050</subfield>
    <subfield code="A">a|a|||||||||||</subfield>
  </datafield>
  <datafield tag="964" ind1="0" ind2="s">
    <subfield code="F">052</subfield>
    <subfield code="A">r||||||ta||||||</subfield>
  </datafield>
  <datafield tag="035" ind1=" " ind2=" ">
    <subfield code="a">(DE-600)1125458-0</subfield>
  </datafield>
  <datafield tag="035" ind1=" " ind2=" ">
    <subfield code="a">(OCoLC)183350230</subfield>
    <subfield code="0">(uri) http://www.worldcat.org/oclc/183350230</subfield>
  </datafield>
  <datafield tag="035" ind1=" " ind2=" ">
    <subfield code="a">(DE-599)ZDB1125458-0</subfield>
  </datafield>
  <datafield tag="MBD" ind1=" " ind2=" ">
    <subfield code="M">49HBZ_NETWORK</subfield>
    <subfield code="i">990113832290206441</subfield>
    <subfield code="n">HBZ Network</subfield>
  </datafield>
  <datafield tag="MBD" ind1=" " ind2=" ">
    <subfield code="M">49HBZ_UDE</subfield>
    <subfield code="i">990008492870206446</subfield>
    <subfield code="n">UB Duisburg-Essen</subfield>
  </datafield>
  <datafield tag="MBD" ind1=" " ind2=" ">
    <subfield code="M">49HBZ_WUP</subfield>
    <subfield code="i">990008487330206447</subfield>
    <subfield code="n">UB Wuppertal</subfield>
  </datafield>
  <datafield tag="980" ind1="1" ind2=" ">
    <subfield code="b">ZDB-Dublette</subfield>
    <subfield code="9">LOCAL</subfield>
    <subfield code="M">49HBZ_WUP</subfield>
  </datafield>
  <datafield tag="983" ind1=" " ind2=" ">
    <subfield code="b">37</subfield>
    <subfield code="9">LOCAL</subfield>
    <subfield code="M">49HBZ_WUP</subfield>
  </datafield>
  <datafield tag="MBD" ind1=" " ind2=" ">
    <subfield code="M">49HBZ_DUE</subfield>
    <subfield code="i">990015205470206443</subfield>
    <subfield code="n">ULB D&#252;sseldorf</subfield>
  </datafield>
  <datafield tag="996" ind1=" " ind2=" ">
    <subfield code="k">Universit&#228;t Mozarteum</subfield>
    <subfield code="0">(DE-588)4345370-3</subfield>
    <subfield code="9">LOCAL</subfield>
    <subfield code="M">49HBZ_DUE</subfield>
  </datafield>
  <datafield tag="996" ind1=" " ind2=" ">
    <subfield code="s">Hochschule</subfield>
    <subfield code="0">(DE-588)4072560-1</subfield>
    <subfield code="9">LOCAL</subfield>
    <subfield code="M">49HBZ_DUE</subfield>
  </datafield>
  <datafield tag="996" ind1=" " ind2=" ">
    <subfield code="s">Spielforschung</subfield>
    <subfield code="0">(DE-588)4182273-0</subfield>
    <subfield code="9">LOCAL</subfield>
    <subfield code="M">49HBZ_DUE</subfield>
  </datafield>
  <datafield tag="996" ind1=" " ind2=" ">
    <subfield code="s">Spielp&#228;dagogik</subfield>
    <subfield code="0">(DE-588)4122362-7</subfield>
    <subfield code="9">LOCAL</subfield>
    <subfield code="M">49HBZ_DUE</subfield>
  </datafield>
  <datafield tag="996" ind1=" " ind2=" ">
    <subfield code="s">Universit&#228;t</subfield>
    <subfield code="0">(DE-588)4061778-6</subfield>
    <subfield code="9">LOCAL</subfield>
    <subfield code="M">49HBZ_DUE</subfield>
  </datafield>
  <datafield tag="996" ind1=" " ind2=" ">
    <subfield code="a">Beitrag</subfield>
    <subfield code="9">LOCAL</subfield>
    <subfield code="M">49HBZ_DUE</subfield>
  </datafield>
  <datafield tag="996" ind1=" " ind2=" ">
    <subfield code="a">Forschung</subfield>
    <subfield code="9">LOCAL</subfield>
    <subfield code="M">49HBZ_DUE</subfield>
  </datafield>
  <datafield tag="996" ind1=" " ind2=" ">
    <subfield code="a">Institut</subfield>
    <subfield code="9">LOCAL</subfield>
    <subfield code="M">49HBZ_DUE</subfield>
  </datafield>
  <datafield tag="996" ind1=" " ind2=" ">
    <subfield code="a">Mozarteum Salzburg</subfield>
    <subfield code="9">LOCAL</subfield>
    <subfield code="M">49HBZ_DUE</subfield>
  </datafield>
  <datafield tag="996" ind1=" " ind2=" ">
    <subfield code="a">P&#228;dagogik</subfield>
    <subfield code="9">LOCAL</subfield>
    <subfield code="M">49HBZ_DUE</subfield>
  </datafield>
  <datafield tag="996" ind1=" " ind2=" ">
    <subfield code="a">Schule</subfield>
    <subfield code="9">LOCAL</subfield>
    <subfield code="M">49HBZ_DUE</subfield>
  </datafield>
  <datafield tag="996" ind1=" " ind2=" ">
    <subfield code="a">Spiel</subfield>
    <subfield code="9">LOCAL</subfield>
    <subfield code="M">49HBZ_DUE</subfield>
  </datafield>
  <datafield tag="996" ind1=" " ind2=" ">
    <subfield code="a">Universit&#228;t Mozarteum Salzburg</subfield>
    <subfield code="9">LOCAL</subfield>
    <subfield code="M">49HBZ_DUE</subfield>
  </datafield>
  <datafield tag="996" ind1=" " ind2=" ">
    <subfield code="a">international</subfield>
    <subfield code="9">LOCAL</subfield>
    <subfield code="M">49HBZ_DUE</subfield>
  </datafield>
  <datafield tag="MNG" ind1=" " ind2=" ">
    <subfield code="c">System</subfield>
    <subfield code="f">ILS</subfield>
    <subfield code="i">marc21</subfield>
    <subfield code="k">01</subfield>
    <subfield code="e">false</subfield>
    <subfield code="d">2021-04-08 11:10:07 Europe/Berlin</subfield>
    <subfield code="g">011383229-HBZ01</subfield>
    <subfield code="j">90</subfield>
    <subfield code="a">import</subfield>
    <subfield code="b">2021-04-05 12:53:32 Europe/Berlin</subfield>
  </datafield>
  <datafield tag="H16" ind1="7" ind2=" ">
    <subfield code="a">1125458-0</subfield>
    <subfield code="2">DE-600</subfield>
    <subfield code="8">22394293690006446</subfield>
  </datafield>
  <datafield tag="H35" ind1=" " ind2=" ">
    <subfield code="a">(DE-600)045870349</subfield>
    <subfield code="8">22394293690006446</subfield>
  </datafield>
  <datafield tag="H92" ind1=" " ind2=" ">
    <subfield code="a">432000-1</subfield>
    <subfield code="k">NRW</subfield>
    <subfield code="l">a</subfield>
    <subfield code="o">b</subfield>
    <subfield code="p">x</subfield>
    <subfield code="8">22394293690006446</subfield>
  </datafield>
  <datafield tag="H52" ind1="8" ind2="1">
    <subfield code="a">DE-465</subfield>
    <subfield code="b">E0001</subfield>
    <subfield code="c">E10</subfield>
    <subfield code="h">25 Z 266</subfield>
    <subfield code="8">1</subfield>
    <subfield code="8">22394293690006446</subfield>
  </datafield>
  <datafield tag="H59" ind1="0" ind2="0">
    <subfield code="8">1.1\x</subfield>
    <subfield code="a">1</subfield>
    <subfield code="i">1991</subfield>
    <subfield code="8">22394293690006446</subfield>
  </datafield>
  <datafield tag="H59" ind1="1" ind2="0">
    <subfield code="8">1.2\x</subfield>
    <subfield code="a">10</subfield>
    <subfield code="i">2000</subfield>
    <subfield code="8">22394293690006446</subfield>
  </datafield>
  <datafield tag="H66" ind1="3" ind2="0">
    <subfield code="a">1.1991 - 10.2000</subfield>
    <subfield code="8">22394293690006446</subfield>
  </datafield>
  <datafield tag="HOL" ind1=" " ind2=" ">
    <subfield code="d">2021-06-29 05:41:34</subfield>
    <subfield code="8">22394293690006446</subfield>
    <subfield code="b">2021-04-15 17:16:39</subfield>
    <subfield code="M">49HBZ_UDE</subfield>
    <subfield code="g">false</subfield>
    <subfield code="a">import</subfield>
    <subfield code="c">System</subfield>
  </datafield>
  <datafield tag="H16" ind1="7" ind2=" ">
    <subfield code="a">1125458-0</subfield>
    <subfield code="2">DE-600</subfield>
    <subfield code="8">22132934060006447</subfield>
  </datafield>
  <datafield tag="H35" ind1=" " ind2=" ">
    <subfield code="a">(DE-600)045870373</subfield>
    <subfield code="8">22132934060006447</subfield>
  </datafield>
  <datafield tag="H92" ind1=" " ind2=" ">
    <subfield code="a">561000-X</subfield>
    <subfield code="k">NRW</subfield>
    <subfield code="l">a</subfield>
    <subfield code="o">c</subfield>
    <subfield code="p">x</subfield>
    <subfield code="8">22132934060006447</subfield>
  </datafield>
  <datafield tag="H52" ind1="8" ind2="1">
    <subfield code="a">DE-468</subfield>
    <subfield code="b">W0001</subfield>
    <subfield code="c">04</subfield>
    <subfield code="h">37H3</subfield>
    <subfield code="8">1</subfield>
    <subfield code="8">22132934060006447</subfield>
  </datafield>
  <datafield tag="H59" ind1="0" ind2="0">
    <subfield code="8">1.1\x</subfield>
    <subfield code="a">1</subfield>
    <subfield code="i">1991</subfield>
    <subfield code="8">22132934060006447</subfield>
  </datafield>
  <datafield tag="H59" ind1="1" ind2="0">
    <subfield code="8">1.2\x</subfield>
    <subfield code="a">10</subfield>
    <subfield code="i">2000</subfield>
    <subfield code="8">22132934060006447</subfield>
  </datafield>
  <datafield tag="H66" ind1=" " ind2="0">
    <subfield code="x">Magazin Freudenberg; teilweise St&#252;cktitelaufnahmen</subfield>
    <subfield code="8">22132934060006447</subfield>
  </datafield>
  <datafield tag="H66" ind1="3" ind2="0">
    <subfield code="a">1.1991 - 10.2000</subfield>
    <subfield code="8">22132934060006447</subfield>
  </datafield>
  <datafield tag="HOL" ind1=" " ind2=" ">
    <subfield code="b">2021-04-06 08:17:01</subfield>
    <subfield code="8">22132934060006447</subfield>
    <subfield code="M">49HBZ_WUP</subfield>
    <subfield code="g">false</subfield>
    <subfield code="a">import</subfield>
  </datafield>
  <datafield tag="GST" ind1=" " ind2=" ">
    <subfield code="a">Spielerziehung</subfield>
    <subfield code="A">GND</subfield>
    <subfield code="B">GND-041223624</subfield>
    <subfield code="C">450</subfield>
  </datafield>
  <datafield tag="GSI" ind1="7" ind2=" ">
    <subfield code="a">http://d-nb.info/gnd/4122362-7</subfield>
    <subfield code="2">uri</subfield>
    <subfield code="A">GND</subfield>
    <subfield code="B">GND-041223624</subfield>
    <subfield code="C">024</subfield>
  </datafield>
  <datafield tag="GST" ind1=" " ind2=" ">
    <subfield code="a">Spiel</subfield>
    <subfield code="x">Forschung</subfield>
    <subfield code="A">GND</subfield>
    <subfield code="B">GND-041822730</subfield>
    <subfield code="C">450</subfield>
  </datafield>
  <datafield tag="GSI" ind1="7" ind2=" ">
    <subfield code="a">http://d-nb.info/gnd/4182273-0</subfield>
    <subfield code="2">uri</subfield>
    <subfield code="A">GND</subfield>
    <subfield code="B">GND-041822730</subfield>
    <subfield code="C">024</subfield>
  </datafield>
  <datafield tag="GST" ind1=" " ind2=" ">
    <subfield code="a">Spielen</subfield>
    <subfield code="A">GND</subfield>
    <subfield code="B">GND-040562182</subfield>
    <subfield code="C">450</subfield>
  </datafield>
  <datafield tag="GST" ind1=" " ind2=" ">
    <subfield code="a">Spiele</subfield>
    <subfield code="A">GND</subfield>
    <subfield code="B">GND-040562182</subfield>
    <subfield code="C">450</subfield>
  </datafield>
  <datafield tag="GSI" ind1="7" ind2=" ">
    <subfield code="a">http://d-nb.info/gnd/4056218-9</subfield>
    <subfield code="2">uri</subfield>
    <subfield code="A">GND</subfield>
    <subfield code="B">GND-040562182</subfield>
    <subfield code="C">024</subfield>
  </datafield>
  <datafield tag="GKT" ind1="2" ind2=" ">
    <subfield code="a">Hochschule f&#252;r Musik und Darstellende Kunst Mozarteum</subfield>
    <subfield code="b">Institut f&#252;r Spielforschung und Spielp&#228;dagogik</subfield>
    <subfield code="A">GND</subfield>
    <subfield code="B">GND-943704391</subfield>
    <subfield code="C">410</subfield>
  </datafield>
  <datafield tag="GKT" ind1="2" ind2=" ">
    <subfield code="a">Institut f&#252;r Spielforschung</subfield>
    <subfield code="A">GND</subfield>
    <subfield code="B">GND-943704391</subfield>
    <subfield code="C">410</subfield>
  </datafield>
  <datafield tag="GKT" ind1="2" ind2=" ">
    <subfield code="a">Hochschule f&#252;r Musik und Darstellende Kunst Mozarteum</subfield>
    <subfield code="b">Institut f&#252;r Spielforschung</subfield>
    <subfield code="A">GND</subfield>
    <subfield code="B">GND-943704391</subfield>
    <subfield code="C">410</subfield>
  </datafield>
  <datafield tag="GKT" ind1="2" ind2=" ">
    <subfield code="a">Universit&#228;t Mozarteum Salzburg</subfield>
    <subfield code="b">Institut f&#252;r Spielforschung und Spielp&#228;dagogik</subfield>
    <subfield code="A">GND</subfield>
    <subfield code="B">GND-943704391</subfield>
    <subfield code="C">410</subfield>
  </datafield>
  <datafield tag="GKT" ind1="2" ind2=" ">
    <subfield code="a">Hochschule f&#252;r Musik und Darstellende Kunst</subfield>
    <subfield code="g">Salzburg</subfield>
    <subfield code="b">Institut f&#252;r Spielforschung und Spielp&#228;dagogik</subfield>
    <subfield code="A">GND</subfield>
    <subfield code="B">GND-943704391</subfield>
    <subfield code="C">410</subfield>
  </datafield>
  <datafield tag="GKT" ind1="2" ind2=" ">
    <subfield code="a">Institut f&#252;r Spielforschung</subfield>
    <subfield code="g">Salzburg</subfield>
    <subfield code="A">GND</subfield>
    <subfield code="B">GND-943704391</subfield>
    <subfield code="C">410</subfield>
  </datafield>
  <datafield tag="GKT" ind1="2" ind2=" ">
    <subfield code="a">Hochschule f&#252;r Musik und Darstellende Kunst</subfield>
    <subfield code="g">Salzburg</subfield>
    <subfield code="b">Institut f&#252;r Spielforschung</subfield>
    <subfield code="A">GND</subfield>
    <subfield code="B">GND-943704391</subfield>
    <subfield code="C">410</subfield>
  </datafield>
  <datafield tag="GKT" ind1="2" ind2=" ">
    <subfield code="a">Institut f&#252;r Spielforschung und Spielp&#228;dagogik</subfield>
    <subfield code="g">Salzburg</subfield>
    <subfield code="A">GND</subfield>
    <subfield code="B">GND-943704391</subfield>
    <subfield code="C">410</subfield>
  </datafield>
  <datafield tag="GSI" ind1="7" ind2=" ">
    <subfield code="a">5120234-7</subfield>
    <subfield code="0">http://d-nb.info/gnd/5120234-7</subfield>
    <subfield code="2">gnd</subfield>
    <subfield code="A">GND</subfield>
    <subfield code="B">GND-943704391</subfield>
    <subfield code="C">024</subfield>
  </datafield>
</record>